@inproceedings{paltenghi2023morphq,
  title={MorphQ: Metamorphic testing of the qiskit quantum computing platform},
  author={Paltenghi, Matteo and Pradel, Michael},
  booktitle={2023 IEEE/ACM 45th International Conference on Software Engineering (ICSE)},
  pages={2413--2424},
  year={2023},
  organization={IEEE}
}

@inproceedings{wang2021qdiff,
  title={Qdiff: Differential testing of quantum software stacks},
  author={Wang, Jiyuan and Zhang, Qian and Xu, Guoqing Harry and Kim, Miryung},
  booktitle={2021 36th IEEE/ACM International Conference on Automated Software Engineering (ASE)},
  pages={692--704},
  year={2021},
  organization={IEEE}
}

@article{larose2019overview,
  title={Overview and comparison of gate level quantum software platforms},
  author={LaRose, Ryan},
  journal={Quantum},
  volume={3},
  pages={130},
  year={2019},
  publisher={Verein zur F{\"o}rderung des Open Access Publizierens in den Quantenwissenschaften}
}

@inproceedings{chan2014optimal,
  title={Optimal algorithms for testing closeness of discrete distributions},
  author={Chan, Siu-On and Diakonikolas, Ilias and Valiant, Paul and Valiant, Gregory},
  booktitle={Proceedings of the twenty-fifth annual ACM-SIAM symposium on Discrete algorithms},
  pages={1193--1203},
  year={2014},
  organization={SIAM}
}

@article{fortunato2022mutation,
  title={Mutation testing of quantum programs: A case study with qiskit},
  author={Fortunato, Daniel and Campos, Jose and Abreu, Rui},
  journal={IEEE Transactions on Quantum Engineering},
  volume={3},
  pages={1--17},
  year={2022},
  publisher={IEEE}
}